<?xml version="1.0" encoding="UTF-8"?><collection><record><leader>02569ntm a2200397 a 4500</leader><controlfield tag="001">002641707</controlfield><controlfield tag="003">MiAaHDL</controlfield><controlfield tag="005">20190719000000.0</controlfield><controlfield tag="006">m        d        </controlfield><controlfield tag="007">cr bn ---auaua</controlfield><controlfield tag="008">930712q17521753xx            00||  ara d</controlfield><datafield tag="035" ind1=" " ind2=" "><subfield code="a">(MiU)002641707</subfield></datafield><datafield tag="035" ind1=" " ind2=" "><subfield code="a">sdr-miu002641707</subfield></datafield><datafield tag="035" ind1=" " ind2=" "><subfield code="a">(OCoLC)34366648</subfield></datafield><datafield tag="035" ind1=" " ind2=" "><subfield code="a">(RLIN)MIUH93-A177</subfield></datafield><datafield tag="040" ind1=" " ind2=" "><subfield code="a">MiU</subfield><subfield code="c">MiU</subfield><subfield code="e">appm</subfield><subfield code="d">MiU</subfield></datafield><datafield tag="100" ind1="1" ind2=" "><subfield code="6">880-01</subfield><subfield code="a">Sibṭ al-Māridīnī, Badr al-Dīn Muḥammad ibn Muḥammad,</subfield><subfield code="d">1423-</subfield></datafield><datafield tag="240" ind1="1" ind2="0"><subfield code="6">880-02</subfield><subfield code="a">Wasīlat al-ṭullāb wa-nuzhat al-albāb ilá maʻrifat al-awqāt bi-al-ḥisāb</subfield></datafield><datafield tag="245" ind1="1" ind2="0"><subfield code="6">880-03</subfield><subfield code="a">Wasīlat al-ṭullāb ilá maʻrifat al-awqāt bi-al-ḥisāb :</subfield><subfield code="k">manuscript,</subfield><subfield code="f">[1752 or 3].</subfield></datafield><datafield tag="300" ind1=" " ind2=" "><subfield code="a">1</subfield><subfield code="f">v. ([294] p.) :</subfield><subfield code="b">ill. ;</subfield><subfield code="c">22 cm.</subfield></datafield><datafield tag="500" ind1=" " ind2=" "><subfield code="a">Text rubricated, marginal corrections and finding aid in hand of copyist (same as that of Mich. Isl. Ms. 836,2).</subfield></datafield><datafield tag="500" ind1=" " ind2=" "><subfield code="a">Date and copyist's name in colophon: tammat al-risālah ʻan yad mudarris-zādah al-sayyid Muḥammad Masʻūd al-[?] ... sanat 1166.</subfield></datafield><datafield tag="500" ind1=" " ind2=" "><subfield code="a">Pp. [2-15]. Bound with: [2] ʻAlī al-Malāqī al-Andalusī, al-Waḍʻ ʻalá al-jihāt fī al-basāʾiṭ wa-al-munḥarifāt, pp. [16-25]; [3] Mathematical calculations in Turkish, pp. [26-40]; [4] Jadwal aṭwāl wa-ʻurūḍ al-buldān ʻalá tartīb al-ḥurūf, pp. [41-68]; [5] Notes on geometry, astronomy and arithmetic, pp. [76-294].</subfield></datafield><datafield tag="510" ind1="4" ind2=" "><subfield code="a">GAL,</subfield><subfield code="c">v. II, p. 216; King, Survey, p. 80.</subfield></datafield><datafield tag="520" ind1=" " ind2=" "><subfield code="a">A treatise on timekeeping in a muqaddimah and 25 bābs.</subfield></datafield><datafield tag="538" ind1=" " ind2=" "><subfield code="a">Mode of access: Internet.</subfield></datafield><datafield tag="541" ind1=" " ind2=" "><subfield code="d">07/--/36</subfield><subfield code="3">Manuscript</subfield><subfield code="a">McGregor Fund</subfield><subfield code="c">Purchase, 1933/34</subfield><subfield code="h">60 p.t.</subfield></datafield><datafield tag="545" ind1=" " ind2=" "><subfield code="a">Egyptian astronomer and author.</subfield></datafield><datafield tag="561" ind1=" " ind2=" "><subfield code="a">Purchased in Cairo, 1933/34. Owners' marks: on p. [1], 2 owners' inscriptions (not identified) with date [1?]245; on loose sheet, manuscript notes in handwriting of Max Meyerhof.</subfield></datafield><datafield tag="650" ind1=" " ind2="0"><subfield code="a">Astronomy, Arab</subfield><subfield code="y">Early works to 1800.</subfield></datafield><datafield tag="650" ind1=" " ind2="0"><subfield code="a">Horology</subfield><subfield code="y">Early works to 1800.</subfield></datafield><datafield tag="650" ind1=" " ind2="0"><subfield code="a">Manuscripts, Arabic</subfield><subfield code="z">Michigan</subfield><subfield code="z">Ann Arbor.</subfield></datafield><datafield tag="700" ind1="1" ind2=" "><subfield code="a">Meyerhof, Max,</subfield><subfield code="d">1874-1945,</subfield><subfield code="e">former owner.</subfield></datafield><datafield tag="773" ind1="0" ind2=" "><subfield code="a">Tracy W. McGregor Collection of Arabic, Persian, and Turkish Mathematical and Astronomical Manuscripts.</subfield><subfield code="7">unbc</subfield><subfield code="w">(CStRLIN)MIUH92-A20.</subfield></datafield><datafield tag="880" ind1="1" ind2="0"><subfield code="6">245-03/</subfield><subfield code="a">وسيلة الطلاب الى معرفة الأوقات بالحساب :</subfield><subfield code="k">manuscript،</subfield><subfield code="f">[1752 or 3].</subfield></datafield><datafield tag="880" ind1="1" ind2="0"><subfield code="6">240-02/</subfield><subfield code="a">وسيلة الطلاب ونزهة الألباب الى معرفة الأوقات بالحساب</subfield></datafield><datafield tag="880" ind1="0" ind2=" "><subfield code="6">100-01/</subfield><subfield code="a">بدر الدين محمد بن محمد سبط المارديني.</subfield></datafield><datafield tag="CID" ind1=" " ind2=" "><subfield code="a">002641707</subfield></datafield><datafield tag="DAT" ind1="0" ind2=" "><subfield code="a">20190719102632.0</subfield><subfield code="b">20190719000000.0</subfield></datafield><datafield tag="DAT" ind1="1" ind2=" "><subfield code="a">20190719090653.0</subfield><subfield code="b">2019-07-19T16:10:49Z</subfield></datafield><datafield tag="DAT" ind1="2" ind2=" "><subfield code="a">2015-10-02T18:00:03Z</subfield></datafield><datafield tag="CAT" ind1=" " ind2=" "><subfield code="a">SDR-MIU</subfield><subfield code="d">EX LIBRIS - ALEPH</subfield><subfield code="l">prepare.pl-004-008</subfield></datafield><datafield tag="FMT" ind1=" " ind2=" "><subfield code="a">BK</subfield></datafield><datafield tag="HOL" ind1=" " ind2=" "><subfield code="0">sdr-miu002641707</subfield><subfield code="a">MiU</subfield><subfield code="b">SDR</subfield><subfield code="c">MIU</subfield><subfield code="p">mdp.39015078570382</subfield><subfield code="s">MIU</subfield><subfield code="1">002641707</subfield></datafield><datafield tag="974" ind1=" " ind2=" "><subfield code="b">MIU</subfield><subfield code="c">MIU</subfield><subfield code="d">20190719</subfield><subfield code="s">lit-dlps-dc</subfield><subfield code="u">mdp.39015078570382</subfield><subfield code="y">1753</subfield><subfield code="r">pd</subfield><subfield code="q">bib</subfield><subfield code="t">non-US bib date2 &lt; 1879</subfield></datafield></record></collection>